@article{bib:Frisch:2008:sem-sub,
 author = {Frisch, Alain and Castagna, Giuseppe and Benzaken, V{\'e}ronique},
 title = {Semantic Subtyping: Dealing Set-theoretically with Function, Union, Intersection, and Negation Types},
 journal = {J. ACM},
 issue_date = {September 2008},
 volume = {55},
 number = {4},
 month = sep,
 year = {2008},
 issn = {0004-5411},
 pages = {19:1--19:64},
 articleno = {19},
 numpages = {64},
 url = {http://doi.acm.org/10.1145/1391289.1391293},
 doi = {10.1145/1391289.1391293},
 acmid = {1391293},
 publisher = {ACM},
 address = {New York, NY, USA},
 keywords = {Subtyping, higher-order functions, intersection types, negation types, union types},
} 